@article{vita_glitch,
	added-at = {2019-04-01T00:00:00.000+0200},
	author = {Lu, Yifan},
	interhash = {1d1b8d05cf00cc4027191697ede732f5},
	intrahash = {0339ca695a5e1496bdd36e8bbe837736},
	journal = {CoRR},
	timestamp = {2019-04-02T11:37:48.000+0200},
	title = {Injecting Software Vulnerabilities with Voltage Glitching.},
	url = {http://dblp.uni-trier.de/db/journals/corr/corr1903.html#abs-1903-08102; http://arxiv.org/abs/1903.08102; https://www.bibsonomy.org/bibtex/20339ca695a5e1496bdd36e8bbe837736/dblp},
	volume = {abs/1903.08102},
	x-fetchedfrom = {Bibsonomy},
	year = 2019
}

@article{yifan_dfa,
	added-at = {2019-03-04T00:00:00.000+0100},
	author = {Lu, Yifan},
	biburl = {https://www.bibsonomy.org/bibtex/2fa09b15d3fc648890cfed22186049fd8/dblp},
	ee = {http://arxiv.org/abs/1902.08693},
	interhash = {14b0a73c88fe253dc98127d648b55bad},
	intrahash = {fa09b15d3fc648890cfed22186049fd8},
	journal = {CoRR},
	timestamp = {2019-03-05T11:38:15.000+0100},
	title = {Attacking Hardware AES with DFA.},
	url = {http://dblp.uni-trier.de/db/journals/corr/corr1902.html#abs-1902-08693},
	volume = {abs/1902.08693},
	x-fetchedfrom = {Bibsonomy},
	year = 2019
}


@online{wii,
	author = {{Wiibrew Contributors}},
	title = {Signing bug},
	url = {https://wiibrew.org/wiki/Signing_bug}
}

@proceedings{ps3,
	author = {bushing, marcan, sven},
	month = dec,
	title = {Console Hacking 2010, PS3 Epic Fail},
	url = {https://media.ccc.de/v/27c3-4087-en-console_hacking_2010},
	year = 2010
}

@proceedings{tv_hack,
	author = {Gerlinsky, Chris},
	month = dec,
	title = { How Do I Crack Satellite and Cable Pay TV?},
	url = {https://media.ccc.de/v/33c3-8127-how_do_i_crack_satellite_and_cable_pay_tv},
	year = 2016
}

@proceedings{switch_glitch,
	author = {Galauner, Andreas},
	month = jun,
	title = {Glitching the Switch},
	url = {https://media.ccc.de/v/c4.openchaos.2018.06.glitching-the-switch},
	year = 2018
}

@proceedings{vita,
	author = {{Lu, Yifan}, Davee},
	month = dec,
	title = {Viva la Vita Vida, Hacking the most secure handheld console},
	url = {https://media.ccc.de/v/c4.openchaos.2018.06.glitching-the-switch},
	year = 2018
}

@proceedings{wiiu,
	author = {sven, marcan, {Allegra, Nicholas (comex)}},
	month = dec,
	title = {Console Hacking 2013, WiiU},
	url = {https://media.ccc.de/v/30C3_-_5290_-_en_-_saal_2_-_201312272030_-_console_hacking_2013_-_sven_-_marcan_-_nicholas_allegra_comex},
	year = 2013
}

@proceedings{switch,
	author = {plutoo, derrek, naehrwert},
	month = dec,
	title = {Console Security - Switch, Homebrew on the Horizon},
	url = {https://media.ccc.de/v/34c3-8941-console_security_-_switch},
	year = 2017
}

@online{3ds_browser,
	author = {{3dbrew Contributors}},
	title = {Browserhax},
	url = {https://www.3dbrew.org/wiki/Browserhax}
}

@online{3ds_formats,
	author = {{3dbrew Contributors}},
	title = {File formats},
	url = {https://www.3dbrew.org/wiki/Category:File_formats}
}

@online{pre_smh,
	author = {{3dbrew Contributors}},
	title = {3DS System Flaws - FIRM Sysmodules},
	url = {https://www.3dbrew.org/wiki/3DS_System_Flaws#FIRM_Sysmodules}
}

@online{3ds_flaws,
	author = {{3dbrew Contributors}},
	title = {3DS System Flaws},
	url = {https://www.3dbrew.org/wiki/3DS_System_Flaws}
}

@online{3ds_single_session,
	author = {{3dbrew Contributors}},
	title = {Filesystem services - fs:REG},
	url = {https://www.3dbrew.org/wiki/Filesystem_services#ProgramRegistry_service_.22fs:REG.22}
}

@online{syscalls,
	author = {{Switchbrew Contributors}},
	title = {System calls},
	url = {https://switchbrew.org/wiki/SVC}
}

@online{ipc_madness,
	author = {{Switchbrew Contributors}},
	title = {IPC Marshalling},
	url = {https://switchbrew.org/wiki/IPC_Marshalling}
}

@online{switch_title_list,
	author = {{Switchbrew Contributors}},
	title = {Title list},
	url = {https://switchbrew.org/wiki/Title_list}
}

@online{6.0,
	author = {{Switchbrew Contributors}},
	title = {6.0.0},
	url = {https://switchbrew.org/wiki/6.0.0#Secure_Monitor}
}

@online{8.0.0,
	author = {{Switchbrew Contributors}},
	title = {8.0.0},
	url = {https://switchbrew.org/wiki/8.0.0}
}

@online{usb_very_bad,
	author = {Konovalov, Andrey},
	title = {Linux USB advisory},
	url = {https://www.openwall.com/lists/oss-security/2017/11/06/8}
}

@online{detach_vuln,
	author = {Dumez, Chris},
	title = {Changeset 213311 in webkit},
	url = {https://trac.webkit.org/browser/webkit/trunk/LayoutTests/fast/frames/insert-frame-unload-handler.html?rev=213311}
}

@online{pega,
	author = {{ReSwitched Contributors}},
	title = {PegaSwitch},
	url = {https://github.com/reswitched/PegaSwitch}
}

@online{ctu,
	author = {{ReSwitched Contributors}},
	title = {CageTheUnicorn},
	url = {https://github.com/reswitched/cagetheunicorn}
}

@online{mephisto,
	author = {{ReSwitched Contributors}},
	title = {Mephisto},
	url = {https://github.com/reswitched/mephisto}
}

@online{luma,
	author = {{Luma3DS Contributors}},
	title = {Luma3DS},
	url = {https://github.com/AuroraWright/Luma3DS/}
}

@online{pro_psp,
	author = {{procfw Contributors}},
	title = {procfw},
	url = {https://code.google.com/archive/p/procfw/}
}

@online{enso,
	author = {{enso Contributors}},
	title = {enso},
	url = {https://enso.henkaku.xyz/}
}

@online{jbme,
	author = {qwertyuiop},
	title = {jbme},
	url = {https://jbme.qwertyoruiop.com}
}

@online{jbme_cve,
	author = {{MITRE by virtue of Apple Inc.}},
	title = {CVE-2016-4657},
	url = {https://cve.mitre.org/cgi-bin/cvename.cgi?name=CVE-2016-4657}
}

@online{modules_dump,
	author = {Plutoo},
	title = {A tweet},
	url = {https://twitter.com/qlutoo/status/878841977466482688}
}

@online{kernel_modules,
	author = {Plutoo},
	title = {A tweet},
	url = {https://twitter.com/qlutoo/status/880784990342139907}
}

@online{oh_come_on_it_was_getting_fun,
	author = {Fail0verflow},
	title = {A tweet},
	url = {https://twitter.com/fail0verflow/status/950003287062974465}
}

@online{dump_modules_gov,
	author = {Roussel-Tarbouriech, Gauvain Tanguy Henri Gabriel Isidore},
	title = {Switch Interlude: Dumping the sysmodules},
	url = {https://govanify.com/post/switch-interlude}
}

@online{jamais_vu,
	author = {Scires, Michael},
	title = {jamais vu - a 1.0.0 TrustZone code execution exploit on the Nintendo Switch},
	url = {https://www.reddit.com/r/SwitchHacks/comments/7rq0cu/jamais_vu_a_100_trustzone_code_execution_exploit/?st=jv9uqc5o&sh=51a2a08a}
}

@online{nvhax,
	author = {Brocious, Cody},
	title = {Nintendo Switch nvservices Info Leak},
	url = {https://daeken.svbtle.com/nintendo-switch-nvservices-info-leak}
}

@online{fusee_gelee,
	author = {Temkin, Kate},
	title = {Fus{\'e}e Gel{\'e}e},
	url = {https://github.com/Qyriad/fusee-launcher/blob/master/report/fusee_gelee.md}
}

@online{atmosphere,
	author = {{Atmosph{\`e}re Contributors}},
	title = {Atmosph{\`e}re},
	url = {https://github.com/Atmosphere-NX/Atmosphere}
}

@online{sept,
	author = {{Atmosph{\`e}re Contributors}},
	title = {Sept},
	url = {https://github.com/Atmosphere-NX/Atmosphere/tree/master/sept/}
}

@online{rust,
	author = {{Rust Contributors}},
	title = {Rust Programming Language},
	url = {https://www.rust-lang.org/}
}

